@misc{snapnets,
  author       = {Jure Leskovec and Andrej Krevl},
  title        = {{SNAP Datasets}: {Stanford} Large Network Dataset Collection},
  howpublished = {\url{http://snap.stanford.edu/data}},
  month        = jun,
  year         = 2014
}
@article{benchmarking,
  title={Benchmarking community detection methods on social media data},
  author={Lee, Conrad and Cunningham, P{\'a}draig},
  journal={arXiv preprint arXiv:1302.0739},
  year={2013}
}
@article{episcalefree,
  title = {Epidemic Spreading in Scale-Free Networks},
  author = {Pastor-Satorras, Romualdo and Vespignani, Alessandro},
  journal = {Phys. Rev. Lett.},
  volume = {86},
  issue = {14},
  pages = {3200--3203},
  numpages = {0},
  year = {2001},
  month = {Apr},
  publisher = {American Physical Society},
  doi = {10.1103/PhysRevLett.86.3200},
  url = {http://link.aps.org/doi/10.1103/PhysRevLett.86.3200}
}

@article{scalefree,
  title={Scale-free networks: a decade and beyond},
  author={Barab{\'a}si, Albert-L{\'a}szl{\'o}},
  journal={science},
  volume={325},
  number={5939},
  pages={412--413},
  year={2009},
  publisher={American Association for the Advancement of Science}
}
@article{igraph,
  title={The igraph software package for complex network research},
  author={Csardi, Gabor and Nepusz, Tamas},
  journal={InterJournal, Complex Systems},
  volume={1695},
  number={5},
  pages={1--9},
  year={2006}
}
@article{graphjslib,
  title={Effectiveness of JavaScript Graph Visualization Libraries in Visualizing Gene Regulatory Networks (GRN)},
  author={Roy, Graciously Kharumnuid Swarup}
}
@article{gephi,
  title={Gephi: an open source software for exploring and manipulating networks.},
  author={Bastian, Mathieu and Heymann, Sebastien and Jacomy, Mathieu and others},
  journal={ICWSM},
  volume={8},
  pages={361--362},
  year={2009}
}
@article{protovis,
  title = {Protovis: A Graphical Toolkit for Visualization},
  author = {Michael Bostock AND Jeffrey Heer},
  journal = {IEEE Trans. Visualization \& Comp. Graphics (Proc. InfoVis)},
  year = {2009},
  url = {http://vis.stanford.edu/papers/protovis}
}
@article{d3,
  title = {D3: Data-Driven Documents},
  author = {Michael Bostock AND Vadim Ogievetsky AND Jeffrey Heer},
  journal = {IEEE Trans. Visualization \& Comp. Graphics (Proc. InfoVis)},
  year = {2011},
  url = {http://vis.stanford.edu/papers/d3}
}

@online{bootstrap,
author = { Mark Otto and Jacob Thornton},
title = {Bootstrap},
url = {https://github.com/twbs/bootstrap},
OPTsubtitle = {HTML, CSS, and JavaScript framework},
OPTtitleaddon = {HTML, CSS, and JavaScript framework},
OPTlanguage = {HTML, CSS, and JavaScript framework},
OPTversion = {Bootstrap v4},
OPTnote = {http://getbootstrap.com/},
OPTorganization = {Twitter},
}

@article{scalefree,
  title = {Resilience of the Internet to Random Breakdowns},
  author = {Cohen, Reuven and Erez, Keren and ben-Avraham, Daniel and Havlin, Shlomo},
  journal = {Phys. Rev. Lett.},
  volume = {85},
  issue = {21},
  pages = {4626--4628},
  numpages = {0},
  year = {2000},
  month = {Nov},
  publisher = {American Physical Society},
  doi = {10.1103/PhysRevLett.85.4626},
  url = {http://link.aps.org/doi/10.1103/PhysRevLett.85.4626}
}

@article{yang2015defining,
  title={Defining and evaluating network communities based on ground-truth},
  author={Yang, Jaewon and Leskovec, Jure},
  journal={Knowledge and Information Systems},
  volume={42},
  number={1},
  pages={181--213},
  year={2015},
  publisher={Springer}
}
@article{graphviz,
  title={graphVizdb: A Scalable Platform for Interactive Large Graph Visualization},
  author={Bikakis, Nikos and Liagouris, John and Krommyda, Maria and Papastefanatos, George and Sellis, Timos}
}
@article{matrep,
  title={A matrix representation of graphs and its spectrum as a graph invariant},
  author={Emms, David and Hancock, Edwin R and Severini, Simone and Wilson, Richard C},
  journal={Electr. J. Comb},
  volume={13},
  number={1},
  year={2006}
}
@book{BondyNMurthy,
  title={Graph theory with applications},
  author={Bondy, John Adrian and Murty, Uppaluri Siva Ramachandra},
  volume={290},
  year={1976},
  publisher={Macmillan London}
}

@INPROCEEDINGS{sirlarca, 
author={M. Zamora and M. Baradad and E. Amado and S. Cordomí and E. Limón and J. Ribera and M. Arias and R. Gavaldà}, 
booktitle={Data Science and Advanced Analytics (DSAA), 2015. 36678 2015. IEEE International Conference on}, 
title={Characterizing chronic disease and polymedication prescription patterns from electronic health records}, 
year={2015}, 
pages={1-9}, 
keywords={data mining;diseases;electronic health records;graph theory;patient diagnosis;Barcelona;association rule discovery method;chronic disease;diagnostics representation;electronic health record;hypergraph transversal;hypergraph variant;medication representation;patient database;polymedication prescription pattern;population aging;primary care system;Aging;Diseases;Medical diagnostic imaging;Sociology;Statistics}, 
doi={10.1109/DSAA.2015.7344870}, 
month={Oct},}

@article{ResolLimit,
  title={Resolution limit in community detection},
  author={Fortunato, Santo and Barthelemy, Marc},
  journal={Proceedings of the National Academy of Sciences},
  volume={104},
  number={1},
  pages={36--41},
  year={2007},
  publisher={National Acad Sciences}
}

@online{pyLouvain,
author = {Julien Odent and Michael Saint-Guillain},
title = {Automatic Detection of community strucures in networks},
year = {November 26,2012},
url = {https://github.com/patapizza/pylouvain},
OPTlanguage = {Python},
OPTorganization = {Universite Catholique de Louvain},
}

@online{Alchemy,
title = {Alchemy: Alchemy.js is a graph drawing application program},
url = {http://graphalchemist.github.io/Alchemy/#/},
OPTsubtitle = {Alchemy.js is a graph drawing application program},
OPTlanguage = {JavaScript},
OPTorganization = {graphAlchemist},
}


@article{Louvain,
  title={Fast unfolding of communities in large networks},
  author={Blondel, Vincent D and Guillaume, Jean-Loup and Lambiotte, Renaud and Lefebvre, Etienne},
  journal={Journal of statistical mechanics: theory and experiment},
  volume={2008},
  number={10},
  pages={P10008},
  year={2008},
  publisher={IOP Publishing}
}

@article{communitypaper,
  title={Community detection in graphs},
  author={Fortunato, Santo},
  journal={Physics reports},
  volume={486},
  number={3},
  pages={75--174},
  year={2010},
  publisher={Elsevier}
}
@article{generalcommunity,
  title={General optimization technique for high-quality community detection in complex networks},
  author={Sobolevsky, Stanislav and Campari, Riccardo and Belyi, Alexander and Ratti, Carlo},
  journal={Physical Review E},
  volume={90},
  number={1},
  pages={012811},
  year={2014},
  publisher={APS}
}

@misc{snap,
  author       = {Jure Leskovec and Andrej Krevl},
  title        = {{SNAP Datasets}: {Stanford} Large Network Dataset Collection},
  howpublished = {\url{http://snap.stanford.edu/data}},
  month        = jun,
  year         = 2014
}

@book{PeterLinz,
 author = {Linz, Peter},
 title = {An Introduction to Formal Languages and Automata},
 year = {1990},
 isbn = {0-669-17342-8},
 publisher = {D. C. Heath and Company},
 address = {Lexington, MA, USA},
} 

@article{newman2006modularity,
  title={Modularity and community structure in networks
  },
  author={Newman, Mark EJ},
  journal={Proceedings of the national academy of sciences},
  volume={103},
  number={23},
  pages={8577--8582},
  year={2006},
  publisher={National Acad Sciences}
}

@article{modularityNP,
  title={Maximizing modularity is hard},
  author={Brandes, Ulrik and Delling, Daniel and Gaertler, Marco and G{\"o}rke, Robert and Hoefer, Martin and Nikoloski, Zoran and Wagner, Dorothea},
  journal={arXiv preprint physics/0608255},
  year={2006}
}

@Article{githubtest1,
author="Sah, Pratha
and Singh, Lisa O.
and Clauset, Aaron
and Bansal, Shweta",
title="Exploring community structure in biological networks with random graphs",
journal="BMC Bioinformatics",
year="2014",
volume="15",
number="1",
pages="1--14",
abstract="Community structure is ubiquitous in biological networks. There has been an increased interest in unraveling the community structure of biological systems as it may provide important insights into a system's functional components and the impact of local structures on dynamics at a global scale. Choosing an appropriate community detection algorithm to identify the community structure in an empirical network can be difficult, however, as the many algorithms available are based on a variety of cost functions and are difficult to validate. Even when community structure is identified in an empirical system, disentangling the effect of community structure from other network properties such as clustering coefficient and assortativity can be a challenge.",
issn="1471-2105",
doi="10.1186/1471-2105-15-220",
url="http://dx.doi.org/10.1186/1471-2105-15-220"
}
